% Encoding: ISO-8859-1

@InBook{bet__age,
  pages =     {327--334},
  title =     {A General Metric for Riemannian Manifold Hamiltonian Monte Carlo},
  publisher = {Springer, Berlin Heidelberg},
  year =      {2013},
  author =    {Betancourt, Michael},
  editor =    {Frank Nielsen and Fr{\'e}d{\'e}ric Barbaresco},
  booktitle = {Geometric Science of Information: First International Conference, GSI 2013, Paris, France, August 28-30, 2013. Proceedings},
  isbn =      {978-3-642-40020-9}
}

@Article{bra__ama,
  author =  {Cajo J. F. Ter Braak},
  title =   {A Markov Chain Monte Carlo Version of the Genetic Algorithm Differential Evolution: Easy Bayesian Computing for Real Parameter Spaces},
  journal = {Statistics and Computing},
  year =    {2006},
  volume =  {16},
  number =  {3},
  pages =   {239--249},
  issn =    {1573-1375}
}

@Article{byr_gir__geo,
  author =  {Simon Byrne and Mark Girolami},
  title =   {Geodesic Monte Carlo on Embedded Manifolds},
  journal = {Scandinavian Journal of Statistics},
  year =    {2013},
  volume =  {40},
  number =  {4},
  pages =   {825--845},
  issn =    {1467-9469}
}

@InBook{cal_eps_sil__bay,
  chapter =   {13},
  pages =     {247--272},
  title =     {Bayesian Approaches for Mechanistic Ion Channel Modeling},
  publisher = {Humana Press},
  year =      {2013},
  author =    {Ben Calderhead and Michael Epstein and Lucia Sivilotti and Mark Girolami},
  editor =    {Victoria Maria Schneider},
  address =   {Totowa, NJ},
  booktitle = {In Silico Systems Biology}
}

@Article{cal_gir__sta,
  author =    {Ben Calderhead and Mark Girolami},
  title =     {Statistical Analysis of Nonlinear Dynamical Systems Using Differential Geometric Sampling Methods},
  journal =   {Interface Focus},
  year =      {2011},
  volume =    {1},
  number =    {821--835},
  eprint =    {http://rsfs.royalsocietypublishing.org/content/early/2011/08/19/rsfs.2011.0051.full.pdf},
  issn =      {2042-8898},
  publisher = {Royal Society}
}

@ARTICLE{carter12,
   author = {{Carter}, J.~A. and {Agol}, E. and {Chaplin}, W.~J. and {Basu}, S. and 
	{Bedding}, T.~R. and {Buchhave}, L.~A. and {Christensen-Dalsgaard}, J. and 
	{Deck}, K.~M. and {Elsworth}, Y. and {Fabrycky}, D.~C. and {Ford}, E.~B. and 
	{Fortney}, J.~J. and {Hale}, S.~J. and {Handberg}, R. and {Hekker}, S. and 
	{Holman}, M.~J. and {Huber}, D. and {Karoff}, C. and {Kawaler}, S.~D. and 
	{Kjeldsen}, H. and {Lissauer}, J.~J. and {Lopez}, E.~D. and 
	{Lund}, M.~N. and {Lundkvist}, M. and {Metcalfe}, T.~S. and 
	{Miglio}, A. and {Rogers}, L.~A. and {Stello}, D. and {Borucki}, W.~J. and 
	{Bryson}, S. and {Christiansen}, J.~L. and {Cochran}, W.~D. and 
	{Geary}, J.~C. and {Gilliland}, R.~L. and {Haas}, M.~R. and 
	{Hall}, J. and {Howard}, A.~W. and {Jenkins}, J.~M. and {Klaus}, T. and 
	{Koch}, D.~G. and {Latham}, D.~W. and {MacQueen}, P.~J. and 
	{Sasselov}, D. and {Steffen}, J.~H. and {Twicken}, J.~D. and 
	{Winn}, J.~N.},
    title = "{Kepler-36: A Pair of Planets with Neighboring Orbits and Dissimilar Densities}",
  journal = {Science},
archivePrefix = "arXiv",
   eprint = {1206.4718},
 primaryClass = "astro-ph.EP",
     year = 2012,
    month = aug,
   volume = 337,
    pages = {556},
      doi = {10.1126/science.1223269},
   adsurl = {http://adsabs.harvard.edu/abs/2012Sci...337..556C},
  adsnote = {Provided by the SAO/NASA Astrophysics Data System}
}

@Article{chi_gre__und,
  author  = {Siddhartha Chib and Edward Greenberg},
  title   = {Understanding the Metropolis-Hastings Algorithm},
  journal = {The American Statistician},
  year    = {1995},
  volume  = {49},
  number  = {4},
  pages   = {327--335},
  month   = {November},
}

@Article{dav_sto__imp,
  author =   {Sandy Davie and Andrew J. Stothers},
  title =    {Improved bound for complexity of matrix multiplication},
  journal =  {Proceedings of the Royal Society of Edinburgh, Section: A Mathematics},
  year =     {2013},
  volume =   {143},
  pages =    {351--369},
  month =    {4},
  issn =     {1473-7124},
  issue =    {02},
  numpages = {19}
}

@Article{doy_car_fab__kep,
  author =    {Laurance R. Doyle and Joshua A. Carter and Daniel C. Fabrycky and Robert W. Slawson and Steve B. Howell and Joshua N. Winn and Jerome A. Orosz and Andrej Pr\u{s}a and William F. Welsh and Samuel N. Quinn and David Latham and Guillermo Torres and Lars A. Buchhave and Geoffrey W. Marcy and Jonathan J. Fortney and Avi Shporer and Eric B. Ford and Jack J. Lissauer and Darin Ragozzine and Michael Rucker and Natalie Batalha and Jon M. Jenkins and William J. Borucki and David Koch and Christopher K. Middour and Jennifer R. Hall and Sean McCauliff and Michael N. Fanelli and Elisa V. Quintana and Matthew J. Holman and Douglas A. Caldwell and Martin Still and Robert P. Stefanik and Warren R. Brown and Gilbert A. Esquerdo and Sumin Tang and Gabor Furesz and John C. Geary and Perry Berlind and Michael L. Calkins and Donald R. Short and Jason H. Steffen and Dimitar Sasselov and Edward W. Dunham and William D. Cochran and Alan Boss and Michael R. Haas and Derek Buzasi and Debra Fischer},
  title =     {Kepler-16: A Transiting Circumbinary Planet},
  journal =   {Science},
  year =      {2011},
  volume =    {333},
  number =    {6049},
  pages =     {1602--1606},
  eprint =    {http://science.sciencemag.org/content/333/6049/1602.full.pdf},
  issn =      {0036-8075},
  publisher = {American Association for the Advancement of Science}
}

@Article{dua_ken_pen__hyb,
  author =  {Simon Duane and A.D. Kennedy and Brian J. Pendleton and Duncan Roweth},
  title =   {Hybrid Monte Carlo},
  journal = {Physics Letters B},
  year =    {1987},
  volume =  {195},
  number =  {2},
  pages =   {216--222},
  issn =    {0370-2693}
}

@Book{flu_rie__mul,
  title =     {Multivariate Statistics},
  publisher = {Chapman and Hall},
  year =      {1988},
  author =    {Bernhard Flury and Hans Riedwyl}
}

@Article{for__im,
  author =  {Eric B. Ford},
  title =   {Improving the Efficiency of Markov Chain Monte Carlo for Analyzing the Orbits of Extrasolar Planets},
  journal = {The Astrophysical Journal},
  year =    {2006},
  volume =  {642},
  pages =   {505--522},
  month =   {May},
  adsnote = {Provided by the SAO/NASA Astrophysics Data System},
  adsurl =  {http://adsabs.harvard.edu/abs/2006ApJ...642..505F},
  eprint =  {astro-ph/0512634}
}

@Article{for__qua,
  author =  {Eric B. Ford},
  title =   {Quantifying the Uncertainty in the Orbits of Extrasolar Planets},
  journal = {The Astronomical Journal},
  year =    {2005},
  volume =  {129},
  pages =   {1706--1717},
  month =   {March},
  adsnote = {Provided by the SAO/NASA Astrophysics Data System},
  adsurl =  {http://adsabs.harvard.edu/abs/2005AJ....129.1706F},
  eprint =  {astro-ph/0305441}
}

@Article{gey__pra,
  author    = {Charles J. Geyer},
  title     = {Practical Markov Chain Monte Carlo},
  journal   = {Statistical Science},
  year      = {1992},
  volume    = {7},
  number    = {4},
  pages     = {473--483},
  month     = {11},
  fjournal  = {Statistical Science},
  publisher = {The Institute of Mathematical Statistics},
}

@Article{gill_gol_wal__met,
  author =  {Philip E Gill and Gene H Golub and Walter Murray and Michael A Saunders},
  title =   {Methods for Modifying Matrix Factorizations},
  journal = {Mathematics of Computation},
  year =    {1974},
  volume =  {28},
  number =  {126},
  pages =   {505--535}
}

@Article{gir_cal__rie,
  author =    {Mark Girolami and Ben Calderhead},
  title =     {Riemann Manifold Langevin and Hamiltonian Monte Carlo Methods},
  journal =   {Journal of the Royal Statistical Society: Series B (Statistical Methodology)},
  year =      {2011},
  volume =    {73},
  number =    {2},
  pages =     {123--214},
  issn =      {1467-9868},
  publisher = {Blackwell Publishing Ltd}
}

@Article{gri__ona,
  author    = {Griewank, Andreas},
  title     = {On Automatic Differentiation and AlAlgorithm Linearization},
  journal   = {Pesquisa Operacional},
  year      = {2014},
  volume    = {34},
  pages     = {621--645},
  month     = {12},
  issn      = {0101-7438},
  publisher = {scielo},
}

@Book{gri_wal__eva,
  title       = {Evaluating Derivatives: Principles and Techniques of Algorithmic Differentiation},
  publisher   = {SIAM},
  year        = {2008},
  author      = {Andreas Griewank and Andrea Walther},
  number      = {105},
  series      = {Other Titles in Applied Mathematics},
  address     = {Philadelphia, PA},
  edition     = {2nd},
  ad_theotech = {General, Introduction},
  isbn        = {978--0--898716--59--7},
}

@Article{haa_sak_tam__ana,
  author =    {Heikki Haario and Eero Saksman and Johanna Tamminen},
  title =     {An Adaptive Metropolis Algorithm},
  journal =   {Bernoulli},
  year =      {2001},
  volume =    {7},
  number =    {2},
  pages =     {223--242},
  month =     {04},
  fjournal =  {Bernoulli},
  publisher = {Bernoulli Society for Mathematical Statistics and Probability}
}

@InBook{haj__coo,
  pages     = {147--150},
  title     = {Cooling Schedules for Optimal Annealing},
  publisher = {Springer New York},
  year      = {1987},
  author    = {Bruce Hajek},
  editor    = {Thomas M. Cover and Bamini Gopinath},
  address   = {New York, NY},
  booktitle = {Open Problems in Communication and Computation},
}

@Article{hig__com01,
  author =  {Nicholas J. Higham},
  title =   {Computing a Nearest Symmetric Positive Semidefinite Matrix},
  journal = {Linear Algebra and its Applications},
  year =    {1988},
  volume =  {103},
  pages =   {103--118},
  issn =    {0024-3795}
}

@Article{hig__com02,
  author =  {Nicholas J. Higham},
  title =   {Computing the Nearest Correlation Matrix - a Problem from Finance},
  journal = {IMA Journal of Numerical Analysis},
  year =    {2002},
  volume =  {22},
  number =  {3},
  pages =   {329--343},
  eprint =  {http://imajna.oxfordjournals.org/content/22/3/329.full.pdf+html}
}


@ARTICLE{holczer16,
   author = {{Holczer}, T. and {Mazeh}, T. and {Nachmani}, G. and {Jontof-Hutter}, D. and 
	{Ford}, E.~B. and {Fabrycky}, D. and {Ragozzine}, D. and {Kane}, M. and 
	{Steffen}, J.~H.},
    title = "{Transit Timing Observations from Kepler. IX. Catalog of the Full Long-cadence Data Set}",
  journal = {\apjs},
archivePrefix = "arXiv",
   eprint = {1606.01744},
 primaryClass = "astro-ph.EP",
 keywords = {planets and satellites: detection, techniques: miscellaneous, techniques: photometric },
     year = 2016,
    month = jul,
   volume = 225,
      eid = {9},
    pages = {9},
      doi = {10.3847/0067-0049/225/1/9},
   adsurl = {http://adsabs.harvard.edu/abs/2016ApJS..225....9H},
  adsnote = {Provided by the SAO/NASA Astrophysics Data System}
}

@Article{hou_goo_hog__ana,
  author =        {Fengji Hou and Jonathan Goodman and David W. Hogg and Jonathan Weare and Christian Schwab},
  title =         {An Affine-invariant Sampler for Exoplanet Fitting and Discovery in Radial Velocity Data},
  journal =       {The Astrophysical Journal},
  year =          {2012},
  volume =        {745},
  pages =         {198},
  month =         {February},
  adsnote =       {Provided by the SAO/NASA Astrophysics Data System},
  adsurl =        {http://adsabs.harvard.edu/abs/2012ApJ...745..198H},
  archiveprefix = {arXiv},
  eid =           {198},
  eprint =        {1104.2612},
  primaryclass =  {astro-ph.IM}
}


@ARTICLE{jontofhutter15,
   author = {{Jontof-Hutter}, D. and {Rowe}, J.~F. and {Lissauer}, J.~J. and 
	{Fabrycky}, D.~C. and {Ford}, E.~B.},
    title = "{The mass of the Mars-sized exoplanet Kepler-138 b from transit timing}",
  journal = {\nat},
archivePrefix = "arXiv",
   eprint = {1506.07067},
 primaryClass = "astro-ph.EP",
     year = 2015,
    month = jun,
   volume = 522,
    pages = {321-323},
      doi = {10.1038/nature14494},
   adsurl = {http://adsabs.harvard.edu/abs/2015Natur.522..321J},
  adsnote = {Provided by the SAO/NASA Astrophysics Data System}
}


@ARTICLE{jontofhutter16,
   author = {{Jontof-Hutter}, D. and {Ford}, E.~B. and {Rowe}, J.~F. and 
	{Lissauer}, J.~J. and {Fabrycky}, D.~C. and {Van Laerhoven}, C. and 
	{Agol}, E. and {Deck}, K.~M. and {Holczer}, T. and {Mazeh}, T.
	},
    title = "{Secure Mass Measurements from Transit Timing: 10 Kepler Exoplanets between 3 and 8 M$_{⊕}$ with Diverse Densities and Incident Fluxes}",
  journal = {\apj},
archivePrefix = "arXiv",
   eprint = {1512.02003},
 primaryClass = "astro-ph.EP",
 keywords = {stars: individual: Kepler-60, Kepler-177, Kepler-26, Kepler-29, Kepler-307, techniques: photometric},
     year = 2016,
    month = mar,
   volume = 820,
      eid = {39},
    pages = {39},
      doi = {10.3847/0004-637X/820/1/39},
   adsurl = {http://adsabs.harvard.edu/abs/2016ApJ...820...39J},
  adsnote = {Provided by the SAO/NASA Astrophysics Data System}
}

@Article{lan_sta_sha__mar,
  author =  {Shiwei Lan and Vasileios Stathopoulos and Babak Shahbaba and Mark Girolami},
  title =   {Markov Chain Monte Carlo from Lagrangian Dynamics},
  journal = {Journal of Computational and Graphical Statistics},
  year =    {2015},
  volume =  {24},
  number =  {2},
  pages =   {357--378}
}

@InProceedings{lan_str_sha__wor,
  author =    {Shiwei Lan and Jeffrey Streets and Babak Shahbaba},
  title =     {Wormhole Hamiltonian Monte Carlo},
  booktitle = {Proceedings of the Twenty-Eighth AAAI Conference on Artificial Intelligence},
  year =      {2014},
  pages =     {1953--1959}
}

@Article{lan_tha_chr__emu,
  author =  {Shiwei Lan and Tan Bui-Thanh and Mike Christie and Mark Girolami},
  title =   {Emulation of Higher-Order Tensors in Manifold Monte Carlo Methods for Bayesian Inverse Problems},
  journal = {Journal of Computational Physics },
  year =    {2016},
  volume =  {308},
  pages =   {81--101},
  issn =    {0021-9991}
}

@InProceedings{leg__pow,
  author =    {Fran\c{c}ois Le Gall},
  title =     {Powers of Tensors and Fast Matrix Multiplication},
  booktitle = {Proceedings of the 39th International Symposium on Symbolic and Algebraic Computation},
  year =      {2014},
  series =    {ISSAC '14},
  pages =     {296--303},
  address =   {New York, NY, USA},
  publisher = {ACM},
  acmid =     {2608664},
  location =  {Kobe, Japan},
  numpages =  {8}
}

@Article{liv_gir__inf,
  author =  {Samuel Livingstone and Mark Girolami},
  title =   {Information-Geometric Markov Chain Monte Carlo Methods Using Diffusions},
  journal = {Entropy},
  year =    {2014},
  volume =  {16},
  number =  {6},
  pages =   {3074},
  issn =    {1099-4300}
}

@Article{mac_hog_lan__emc,
  author =  {Daniel Foreman-Mackey and David W. Hogg and Dustin Lang and Jonathan Goodman},
  title =   {emcee: The MCMC Hammer},
  journal = {Publications of the Astronomical Society of the Pacific},
  year =    {2013},
  volume =  {125},
  number =  {925},
  pages =   {306--312}
}

@ARTICLE{mills16,
   author = {{Mills}, S.~M. and {Fabrycky}, D.~C. and {Migaszewski}, C. and 
	{Ford}, E.~B. and {Petigura}, E. and {Isaacson}, H.},
    title = "{A resonant chain of four transiting, sub-Neptune planets}",
  journal = {\nat},
     year = 2016,
    month = may,
   volume = 533,
    pages = {509-512},
      doi = {10.1038/nature17445},
   adsurl = {http://adsabs.harvard.edu/abs/2016Natur.533..509M},
  adsnote = {Provided by the SAO/NASA Astrophysics Data System}
}

@Book{nea__bay,
  title =     {Bayesian Learning for Neural Networks},
  publisher = {Springer},
  year =      {1996},
  author =    {Radford M. Neal},
  volume =    {118}
}

@Article{nel_for_pay__run,
  author =        {Benjamin Nelson and Eric B. Ford and Matthew J. Payne},
  title =         {RUN DMC: An Efficient, Parallel Code for Analyzing Radial Velocity Observations Using N-body Integrations and Differential Evolution Markov Chain Monte Carlo},
  journal =       {The Astrophysical Journal Supplement Series},
  year =          {2014},
  volume =        {210},
  number =        {1-13},
  pages =         {11},
  month =         {January},
  adsnote =       {Provided by the SAO/NASA Astrophysics Data System},
  adsurl =        {http://adsabs.harvard.edu/abs/2014ApJS..210...11N},
  archiveprefix = {arXiv},
  eid =           {11},
  eprint =        {1311.5229},
  primaryclass =  {astro-ph.EP}
}

@ARTICLE{nelson14,
   author = {{Nelson}, B.~E. and {Ford}, E.~B. and {Wright}, J.~T. and {Fischer}, D.~A. and 
	{von Braun}, K. and {Howard}, A.~W. and {Payne}, M.~J. and {Dindar}, S.
	},
    title = "{The 55 Cancri planetary system: fully self-consistent N-body constraints and a dynamical analysis}",
  journal = {\mnras},
archivePrefix = "arXiv",
   eprint = {1402.6343},
 primaryClass = "astro-ph.EP",
 keywords = {methods: statistical, techniques: radial velocities, planets and satellites: dynamical evolution and stability},
     year = 2014,
    month = jun,
   volume = 441,
    pages = {442-451},
      doi = {10.1093/mnras/stu450},
   adsurl = {http://adsabs.harvard.edu/abs/2014MNRAS.441..442N},
  adsnote = {Provided by the SAO/NASA Astrophysics Data System}
}


@ARTICLE{nelson16,
   author = {{Nelson}, B.~E. and {Robertson}, P.~M. and {Payne}, M.~J. and 
	{Pritchard}, S.~M. and {Deck}, K.~M. and {Ford}, E.~B. and {Wright}, J.~T. and 
	{Isaacson}, H.~T.},
    title = "{An empirically derived three-dimensional Laplace resonance in the Gliese 876 planetary system}",
  journal = {\mnras},
archivePrefix = "arXiv",
   eprint = {1504.07995},
 primaryClass = "astro-ph.EP",
 keywords = {methods: numerical, methods: statistical, techniques: radial velocities, planets and satellites: dynamical evolution and stability, planets and satellites: formation},
     year = 2016,
    month = jan,
   volume = 455,
    pages = {2484-2499},
      doi = {10.1093/mnras/stv2367},
   adsurl = {http://adsabs.harvard.edu/abs/2016MNRAS.455.2484N},
  adsnote = {Provided by the SAO/NASA Astrophysics Data System}
}

@Article{nou_and__aco,
  author  = {Yaghout Nourani and Bjarne Andresen},
  title   = {A Comparison of Simulated Annealing Cooling Strategies},
  journal = {Journal of Physics A: Mathematical and General},
  year    = {1998},
  volume  = {31},
  number  = {41},
  pages   = {8373--8385},
}


@ARTICLE{orosz12,
   author = {{Orosz}, J.~A. and {Welsh}, W.~F. and {Carter}, J.~A. and {Fabrycky}, D.~C. and 
	{Cochran}, W.~D. and {Endl}, M. and {Ford}, E.~B. and {Haghighipour}, N. and 
	{MacQueen}, P.~J. and {Mazeh}, T. and {Sanchis-Ojeda}, R. and 
	{Short}, D.~R. and {Torres}, G. and {Agol}, E. and {Buchhave}, L.~A. and 
	{Doyle}, L.~R. and {Isaacson}, H. and {Lissauer}, J.~J. and 
	{Marcy}, G.~W. and {Shporer}, A. and {Windmiller}, G. and {Barclay}, T. and 
	{Boss}, A.~P. and {Clarke}, B.~D. and {Fortney}, J. and {Geary}, J.~C. and 
	{Holman}, M.~J. and {Huber}, D. and {Jenkins}, J.~M. and {Kinemuchi}, K. and 
	{Kruse}, E. and {Ragozzine}, D. and {Sasselov}, D. and {Still}, M. and 
	{Tenenbaum}, P. and {Uddin}, K. and {Winn}, J.~N. and {Koch}, D.~G. and 
	{Borucki}, W.~J.},
    title = "{Kepler-47: A Transiting Circumbinary Multiplanet System}",
  journal = {Science},
archivePrefix = "arXiv",
   eprint = {1208.5489},
 primaryClass = "astro-ph.SR",
     year = 2012,
    month = sep,
   volume = 337,
    pages = {1511},
      doi = {10.1126/science.1228380},
   adsurl = {http://adsabs.harvard.edu/abs/2012Sci...337.1511O},
  adsnote = {Provided by the SAO/NASA Astrophysics Data System}
}

@Article{per__prox,
  author =  {Marcelo Pereyra},
  title =   {Proximal Markov Chain Monte Carlo Algorithms},
  journal = {Statistics and Computing},
  year =    {2016},
  volume =  {26},
  number =  {4},
  pages =   {745--760},
  issn =    {1573-1375}
}

@Article{rev_lub_pap__for,
  author =  {Jarrett Revels and Miles Lubin and Theodore Papamarkou},
  title =   {Forward-Mode Automatic Differentiation in Julia},
  journal = {arXiv},
  year =    {2016}
}

@Article{rob_gel_gil__wea,
  author =    {Gareth O. Roberts, and Andrew Gelman, and Walter R. Gilks},
  title =     {Weak Convergence and Optimal Scaling of Random Walk Metropolis algorithms},
  journal =   {Annals of Applied Probability},
  year =      {1997},
  volume =    {7},
  number =    {1},
  pages =     {110--120},
  month =     {02},
  fjournal =  {The Annals of Applied Probability},
  publisher = {The Institute of Mathematical Statistics}
}

@Article{rob_ros__opt,
  author =    {Gareth O. Roberts and Jeffrey S. Rosenthal},
  title =     {Optimal Scaling of Discrete Approximations to Langevin Diffusions},
  journal =   {Journal of the Royal Statistical Society: Series B (Statistical Methodology)},
  year =      {1998},
  volume =    {60},
  number =    {1},
  pages =     {255--268},
  issn =      {1467-9868},
  publisher = {Blackwell Publishers Ltd.}
}

@Article{rob_stra__lan,
  author =  {Gareth O. Roberts and Osnat Stramer},
  title =   {Langevin Diffusions and Metropolis-Hastings Algorithms},
  journal = {Methodology And Computing In Applied Probability},
  year =    {2002},
  volume =  {4},
  number =  {4},
  pages =   {337--357},
  issn =    {1573-7713}
}

@Article{rob_twe__exp,
  author =    {Gareth O. Roberts and Richard L. Tweedie},
  title =     {Exponential Convergence of Langevin Distributions and their Discrete Approximations},
  journal =   {Bernoulli},
  year =      {1996},
  volume =    {2},
  number =    {4},
  pages =     {341--363},
  month =     {12},
  fjournal =  {Bernoulli},
  publisher = {Bernoulli Society for Mathematical Statistics and Probability}
}

@Article{sch_pap__ews,
  author =  {Raphaela Schwentner and Theodore Papamarkou and Maximilian O. Kauer and Vassilios Stathopoulos and Fan Yang and Sven Bilke and Paul S. Meltzer and Mark Girolami and Heinrich Kovar},
  title =   {EWS-FLI1 Employs an E2F Switch to Drive Target Gene Expression},
  journal = {Nucleic Acids Research},
  year =    {2015},
  eprint =  {http://nar.oxfordjournals.org/content/early/2015/02/20/nar.gkv123.full.pdf+html}
}

@TechReport{see__low,
  author =      {Matthias Seeger},
  title =       {Low Rank Updates for the Cholesky Decomposition},
  year =        {2004},
  affiliation = {OTHER},
  details =     {http://infoscience.epfl.ch/record/161468},
  documenturl = {https://infoscience.epfl.ch/record/161468/files/cholupdate.pdf},
  oai-id =      {oai:infoscience.epfl.ch:161468},
  oai-set =     {driver},
  status =      {PUBLISHED},
  submitter =   {208475},
  unit =        {LAPMAL}
}

@InProceedings{sim_bad_cem__sto,
  author =      {Umut \c{S}im\c{s}ekli and Roland Badeau and A. Taylan Cemgil and Ga\"{e}l Richard},
  title =       {Stochastic Quasi-Newton Langevin Monte Carlo},
  booktitle =   {International Conference on Machine Learning (ICML)},
  year =        {2016},
  address =     {New York, NY, United States},
  month =       {June},
  hal_id =      {hal-01306596},
  hal_version = {v1}
}

@Misc{wil__brea,
  author = {Virginia Vassilevska Williams},
  title =  {Breaking the Coppersmith-Winograd barrier},
  year =   {2011}
}

@Article{wil__mod,
  author  = {James H. Wilkinson},
  title   = {Modern Error Analysis},
  journal = {SIAM Review},
  year    = {1971},
  volume  = {13},
  number  = {4},
  pages   = {548--568},
  eprint  = { http://dx.doi.org/10.1137/1013095 },
}

@comment{jabref-meta: databaseType:bibtex;}
